@article{l2008a,
	title={License plate recognition from still images and video sequences: A survey},
	author={Anagnostopoulos, C-NE and Anagnostopoulos, Ioannis E and Psoroulas, Ioannis D and Loumos, Vassilis and Kayafas, Eleftherios},
	journal={Intelligent Transportation Systems, IEEE Transactions on},
	volume={9},
	number={3},
	pages={377--391},
	year={2008},
	publisher={IEEE}
}

@article{gilly2013survey,
  title={A survey on license plate recognition systems},
  author={Gilly, Divya and Raimond, Kumudha},
  journal={Int J Comput Appl},
  volume={61},
  number={6},
  pages={34--40},
  year={2013}
}

@inproceedings{dalal2005histograms,
  title={Histograms of oriented gradients for human detection},
  author={Dalal, Navneet and Triggs, Bill},
  booktitle={Computer Vision and Pattern Recognition, 2005. CVPR 2005. IEEE Computer Society Conference on},
  volume={1},
  pages={886--893},
  year={2005},
  organization={IEEE}
}

@inproceedings{hsieh2005multiple,
  title={Multiple license plate detection for complex background},
  author={Hsieh, Ching-Tang and Juan, Yu-Shan and Hung, Kuo-Ming},
  booktitle={Advanced Information Networking and Applications, 2005. AINA 2005. 19th International Conference on},
  volume={2},
  pages={389--392},
  year={2005},
  organization={IEEE}
}

@inproceedings{sharma2012recent,
  title={Recent advances in video based document processing: a review},
  author={Sharma, Nabin and Pal, Umapada and Blumenstein, Michael},
  booktitle={Document Analysis Systems (DAS), 2012 10th IAPR International Workshop on},
  pages={63--68},
  year={2012},
  organization={IEEE}
}

@article{minetto2013t,
  title={T-HOG: An effective gradient-based descriptor for single line text regions},
  author={Minetto, Rodrigo and Thome, Nicolas and Cord, Matthieu and Leite, Neucimar J and Stolfi, Jorge},
  journal={Pattern recognition},
  volume={46},
  number={3},
  pages={1078--1090},
  year={2013},
  publisher={Elsevier}
}

@phdthesis{minetto2012text,
  title={Text Recognition and 2D/3D Object Tracking},
  author={Minetto, Rodrigo and Leite, Neucimar J and Stolfi, Jorge and Thome, Nicolas and Cord, Matthieu},
  year={2012},
  school={Ph. D. dissertation, University of Campinas and University Pierre et Marie Curie}
}

@article{zunino2000vector,
  title={Vector quantization for license-plate location and image coding},
  author={Zunino, Rodolfo and Rovetta, Stefano},
  journal={Industrial Electronics, IEEE Transactions on},
  volume={47},
  number={1},
  pages={159--167},
  year={2000},
  publisher={IEEE}
}

@inproceedings{ready2007gpu,
  title={Gpu acceleration of real-time feature based algorithms},
  author={Ready, Jason M and Taylor, Clark N},
  booktitle={Motion and Video Computing, 2007. WMVC'07. IEEE Workshop on},
  pages={8--8},
  year={2007},
  organization={IEEE}
}

@inproceedings{park2008low,
  title={Low-cost, high-speed computer vision using NVIDIA's CUDA architecture},
  author={Park, Seung In and Ponce, Sean P and Huang, Jing and Cao, Yong and Quek, Francis},
  booktitle={Applied Imagery Pattern Recognition Workshop, 2008. AIPR'08. 37th IEEE},
  pages={1--7},
  year={2008},
  organization={IEEE}
}

@misc{londres,
  title={CCTV},
  year={2015},
  owner={Transport For London},
  url={http://www.tfl.gov.uk/corporate/privacy-and-cookies/cctv},
  urlaccessdate={05 de março de 2015}
}

@misc{londres2,
  title={Central London Congestion Charging, England, United Kingdom},
  year={2015},
  owner={Kable Intelligence Limited},
  url={http://www.roadtraffic-technology.com/projects/congestion},
  urlaccessdate={05 de março de 2015}
}

@misc{wiki:image,
  author = "Wikipedia",
  title = "Image",
  year = "2015",
  url = {https://en.wikipedia.org/wiki/Image},
  urlacessdate={13 de junho de 2015}
}

