@book{castro2006,
    author    = {Leandro Nunes Castro},
    title     = {Fundamentals of Natural Computing: Basic Concepts, Algorithms and Applications},
    publisher = {Chapman \& Hall/CRC},
    year      = {2006},
    address = {Boca Raton, Florida, USA}
}

@book{ENGELBRECHT2007,
    author = {Andries P. Engelbrecht},
    title = {Computational Intelligence: An Introduction},
    publisher = {Wiley},
    year = {2007},
    address = {West Sussex, England}
}

@article{vendramin2012a,
  author = {Ana Cristina B. Kochem Vendramin and Anelise Munaretto and Myriam Delgado and Aline C. Viana},
  title = {Gr\textsc{A}nt: Inferring Best Forwarders from Complex Networks' Dynamics through a Greedy Ant Colony Optimization},
  journal = {Computer Networks},
  volume = {56},
  number = {3},
  year = {2012},
  pages = {997--1015}
}

@article{cao2012,
  author = {Yue Cao and Zhili Sun},
  title = {Routing in Delay/Disruption Tolerant Networks: A Taxonomy, Survey and Challenges},
  journal = {IEEE Communication Surveys \& Tutorials},
  volume = {PP},
  number = {99},
  year  = {2012},
  pages = {1--24}
}

@MISC{mills2004,
   author = {Patrick Milss and Edward Tsang and Qingfu Zhang and John Ford},
   title = {A Survey of AI-based meta-heuristics for Dealing with Local Optima in Local Search},
   year = {2004},
   note = {Technical Report Series, n. CSM-416},
   url = {http://www.essex.ac.uk/csee/research/publications/technicalreports/2004/csm416.pdf},
   urlaccessdate = {8 de agosto de 2011}
}

@MISC{mills2004,
   author = {Patrick Milss and Edward Tsang and Qingfu Zhang and John Ford},
   title = {A Survey of AI-based meta-heuristics for Dealing with Local Optima in Local Search},
   year = {2004},
   note = {Technical Report Series, n. CSM-416},
   url = {http://www.essex.ac.uk/csee/research/publications/technicalreports/2004/csm416.pdf},
   urlaccessdate = {8 de agosto de 2011}
}

@MISC{NormasUTFPR,
    author = {UTFPR},
    note = {Universidade Tecnológica Federal do Paraná. Comissão de Normalização de Trabalhos Acadêmicos},
    title = {Normas para elaboração de trabalhos acadêmicos},
    publisher = {UTFPR},
    year = {2008},
    address = {Curitiba, Paraná},
    url = {http://www.utfpr.edu.br/dibib/normas-para-elaboracao-de-trabalhos-academicos},
}

@MISC{RFC5050,
   author = {Keith L. Scott and Scott C. Burleigh},
   title = {Bundle Protocol Specification},
   year = {2007},
   note = {RFC 5050, DTN Research Group},
   url = {http://www.ietf.org/rfc/rfc5050.txt},
   urlaccessdate = {4 de maio de 2010}
}

@inproceedings{vendramin2012b,
  author = {Ana Cristina B. Kochem Vendramin and Anelise Munaretto and Myriam Delgado and Aline C. Viana},
  title = {C\textsc{G}r\textsc{A}nt: A Swarm Intelligence-based Routing Protocol for Delay Tolerant Networks},
  booktitle = {Proceedings of the 2012 Genetic and Evolutionary Computation Conference - GECCO 2012},
  pages = {33--40},
  year  = {2012},
  address = {Philadelphia, PA, USA},
  publisher = {ACM}
}

@inproceedings{vendramin2011,
  author = {Ana Cristina B. Kochem Vendramin and Anelise Munaretto and Myriam Delgado and Aline C. Viana},
  title = {A Greedy Ant Colony Optimization for Routing in Delay Tolerant Networks},
  booktitle = {First International Workshop on Smart Communication Protocols And Algorithms - GLOBECOM 2011},
  pages = {1127--1132},
  year  = {2011},
  address = {Houston, Texas, USA},
  publisher = {ACM}
}

@Thesis{vendramin2012c,
  author  = {Ana Cristina Barreiras Kochem Vendramin},
  title   = {Cultural GrAnt: um Protocolo de Roteamento baseado em Inteligência Coletiva para Redes Tolerantes a Atrasos},
  school  = {Universidade Tecnológica Federal do Paraná},
  address = {Curitiba, PR, Brasil},
  year    = {2012},
  type    = {Tese de Doutorado}
}

@Thesis{saleem2001,
  author  = {Saleh M. Saleem},
  title   = {Knowledge-based Solution to Dynamic Optimization Problems using Cultural Algorithms},
  school  = {Wayne State University},
  address = {Detroit, Michigan, USA},
  year    = {2001},
  type    = {Tese de Doutorado}
}
